@article{Hillebrand2018,
author = {Helmut Hillebrand and Bernd Blasius and Elizabeth T. Borer and Jonathan M. Chase and John A. Downing and Britas Klemens Eriksson and Christopher T. Filstrup and W. Stanley Harpole and Dorothee Hodapp and Stefano Larsen and Aleksandra M. Lewandowska and Eric W. Seabloom and Dedmer B. Van de Waal and Alexey B. Ryabov and Marc Cadotte},
title = {Biodiversity change is uncoupled from species richness trends: Consequences for conservation and monitoring},
year = 2018,
journal = {Journal of Applied Ecology},
volume = {55},
number = {1},
pages = {169-184},
doi = {10.1111/1365-2664.12959},
url = {https://besjournals.onlinelibrary.wiley.com/doi/abs/10.1111/1365-2664.12959},
}